@book{bourg2013physics,
  title={Physics for Game Developers: Science, Math, and Code for Realistic Effects},
  author={Bourg, David M and Bywalec, Bryan},
  year={2013},
  publisher={O'Reilly Media, Inc.}
}
@book{millington2007game,
  title={Game physics engine development},
  author={Millington, Ian},
  year={2007},
  publisher={Taylor \& Francis US}
}
@book{mactaggart2013l5,
  title={Applications of Integration \& Basic 3D Motion},
  author={MacTaggart, David},
  year={2013},
  publisher={UAD - CE11051A}
}
@book{mactaggart2013l6,
  title={Inertia Tensor},
  author={MacTaggart, David},
  year={2013},
  publisher={UAD - CE11051A}
}
@book{mactaggart2013l8,
  title={Euler Equations},
  author={MacTaggart, David},
  year={2013},
  publisher={UAD - CE11051A}
}
@book{mactaggart2013l9,
  title={General Motion of a Rigid Body},
  author={MacTaggart, David},
  year={2013},
  publisher={UAD - CE11051A}
}